<?xml version="1.0" encoding="UTF-8"?><collection xmlns="http://www.loc.gov/MARC21/slim"><record><leader>00412nam--2200133-i-4500</leader><controlfield tag="001">000041558</controlfield><controlfield tag="002">20161230</controlfield><controlfield tag="005">20161230201043</controlfield><controlfield tag="008">060222s1000------------r-----000-0-eng-d</controlfield><datafield ind1=" " ind2=" " tag="080"><subfield code="a">51(035.3)</subfield></datafield><datafield ind1=" " ind2=" " tag="100"><subfield code="a">Sierpinski,Waclaw</subfield></datafield><datafield ind1=" " ind2=" " tag="245"><subfield code="a">Oeuvres choisies. tom 3:theorie des ensembles et ses applicatiions. travaux des annes 1930-1966</subfield></datafield><datafield ind1=" " ind2=" " tag="260"><subfield code="a">Warszawa, Panstwowe Wydawnictwo Naukowe, 1976. 685 P</subfield></datafield><datafield ind1=" " ind2=" " tag="852"><subfield code="a">45879</subfield></datafield></record></collection>